<record><leader>00000cas a2200000 a 4500</leader><controlfield tag="001">32636545</controlfield><controlfield tag="007">hd bfu---baat</controlfield><controlfield tag="007">hd afu---bact</controlfield><controlfield tag="008">950613d19291942nbudr nea     0    0eng d</controlfield><datafield ind1=" " ind2=" " tag="010"><subfield code="a">sn 95069699 </subfield></datafield><datafield ind1=" " ind2=" " tag="040"><subfield code="a">NVG</subfield><subfield code="b">eng</subfield><subfield code="c">NVG</subfield><subfield code="d">OCL</subfield><subfield code="d">OCLCQ</subfield></datafield><datafield ind1=" " ind2=" " tag="042"><subfield code="a">msc</subfield></datafield><datafield ind1=" " ind2=" " tag="043"><subfield code="a">n-us-nb</subfield></datafield><datafield ind1="0" ind2=" " tag="130"><subfield code="a">Evening state journal (Lincoln, Neb. : 1929)</subfield></datafield><datafield ind1="1" ind2="0" tag="245"><subfield code="a">Evening state journal</subfield><subfield code="h">[microform].</subfield></datafield><datafield ind1="3" ind2=" " tag="246"><subfield code="a">Sunday state journal</subfield></datafield><datafield ind1="3" ind2=" " tag="246"><subfield code="a">Sunday state journal and Lincoln Sunday star</subfield></datafield><datafield ind1="3" ind2=" " tag="246"><subfield code="a">Sunday journal and star</subfield></datafield><datafield ind1="1" ind2="7" tag="246"><subfield code="a">Lincoln evening journal</subfield><subfield code="f">June 6, 1929-&lt;1934&gt;</subfield></datafield><datafield ind1=" " ind2=" " tag="260"><subfield code="a">Lincoln, Neb. :</subfield><subfield code="b">J.C. Seacrest,</subfield><subfield code="c">1929-1942.</subfield></datafield><datafield ind1=" " ind2=" " tag="300"><subfield code="a">14 v.</subfield></datafield><datafield ind1=" " ind2=" " tag="310"><subfield code="a">Daily</subfield></datafield><datafield ind1="0" ind2=" " tag="362"><subfield code="a">June 6, 1929-Dec. 9, 1942.</subfield></datafield><datafield ind1=" " ind2=" " tag="500"><subfield code="a">On Sundays published as: Sunday state journal, 1929-Oct. 25, 1931; Sunday state journal and Lincoln Sunday star, Nov. 1, 1931-Jan. 3, 1932; Sunday journal and star, Jan. 10, 1932-1942.</subfield></datafield><datafield ind1=" " ind2=" " tag="580"><subfield code="a">Morning ed.: Nebraska state journal.</subfield></datafield><datafield ind1=" " ind2=" " tag="533"><subfield code="a">Microfilm.</subfield><subfield code="m">1929-1942:[Lacks Sunday issues]</subfield><subfield code="b">[Lincoln, Neb.] :</subfield><subfield code="c">Nebraska State Historical Society.</subfield><subfield code="e">56 microfilm reels ; 35 mm.</subfield></datafield><datafield ind1=" " ind2=" " tag="752"><subfield code="a">United States</subfield><subfield code="b">Nebraska</subfield><subfield code="c">Lancaster</subfield><subfield code="d">Lincoln.</subfield></datafield><datafield ind1="1" ind2=" " tag="775"><subfield code="t">Nebraska state journal</subfield><subfield code="w">(DLC)sn 95069679</subfield></datafield><datafield ind1="0" ind2="0" tag="780"><subfield code="t">Evening state journal (and Lincoln daily news)</subfield><subfield code="w">(DLC)sn 95069698</subfield></datafield><datafield ind1="0" ind2="0" tag="785"><subfield code="t">Lincoln evening state journal</subfield><subfield code="w">(DLC)sn 95069700</subfield></datafield><datafield ind1="1" ind2=" " tag="029"><subfield code="a">AU@</subfield><subfield code="b">000011782822</subfield></datafield></record>